<?xml version="1.0" encoding="UTF-8"?><collection xmlns="http://www.loc.gov/MARC21/slim"><record><leader>00389nam--2200133-i-4500</leader><controlfield tag="001">000013143</controlfield><controlfield tag="002">20161230</controlfield><controlfield tag="005">20161230201030</controlfield><controlfield tag="008">060222s1000------------r-----000-0-eng-d</controlfield><datafield ind1=" " ind2=" " tag="100"><subfield code="a">Casey, H.C. And Panish, M.B</subfield></datafield><datafield ind1=" " ind2=" " tag="245"><subfield code="a">Heterostructure lasers. part b</subfield></datafield><datafield ind1=" " ind2=" " tag="260"><subfield code="a">Materials And Operating Characteristics</subfield></datafield><datafield ind1=" " ind2=" " tag="490"><subfield code="a">Quantum Electronics-principles And Application S</subfield></datafield><datafield ind1=" " ind2=" " tag="852"><subfield code="a">621.375.826</subfield></datafield></record></collection>